@online{signals,
	author = {Patrick Hogan},
	title = {{ Signals } A lightweight signals and slots implementation. },
	year = 2014,
	url = {https://github.com/pbhogan/Signals},
	urldate = {2019-02-22}
}
@online{urho3d-docs,
	title = {Документация Urho3D},
	url = {https://urho3d.github.io/documentation/1.7/index.html},
	urldate = {2019-02-22}
}
@online{cppreference,
	title = {Документация языка C++},
	url = {https://en.cppreference.com/},
	urldate = {2019-02-22}
}
@book{teplyakov,
title={Паттерны проектирования на платформе .NET},
author={Сергей Тепляков},
isbn={9785496016490},
year={2015},
publisher={Издательский дом "Питер"}
}